@online{citation-machine,
author = {Chegg},
title = {Citation Machine: Chicago Manual Of Style 17th Edition (Author Date) format citation generator for journal article},
howpublished = {\url{http://www.citationmachine.net/chicago-17-author-date}},
institution = {Citation Machine},
year = {2018},
urldate = {2018-10-02},
note = {(accessed on 2018-10-02)},
}

@online{ChicagoManualofStyleChicagoManualStyle2018,
	timestamp = {2018-10-02T15:39:27Z},
	title = {Author-Date: Sample Citations},
	abstract = {Find it. Write it. Cite it.},
	language = {en},
	urldate = {2018-10-02},
    note = {(accessed on 2018-10-02)},
 	url = {https://www.chicagomanualofstyle.org},
    howpublished = {\url{https://www.chicagomanualofstyle.org/tools_citationguide/citation-guide-2.html}},
	author = {{Chicago Manual of Style Online}},
	year = {2018},
	file = {Snapshot:/home/vilhuber/Zotero/storage/IVA5WXJV/citation-guide-2.html:text/html}
}

%
% Old-style
%


@techreport{duflopande2006,
author = {Esther Duflo and Rohini Pande}, 
year = 2006, 
title = {Dams, Poverty, Public Goods and Malaria Incidence in India},
institution = {Murray Research Archive},
type = {[Distributor]},
number = { UNF:5:obNHHq1gtV400a4T+Xrp9g== V2 [Version]},
note = {\url{http://hdl.handle.net/1902.1/IOJHHXOOLZ}}
}

@techreport{leiss1999,
author = {Leiss, Amelia},
year = {1999},
title = {Arms Transfers to Developing Countries, 1945--1968},
institution = {Inter-University Consortium for Political and Social Research}, 
type = {[distributor]},
number = {ICPSR05404-v1},
address = {Ann Arbor, MI},
note = {DOI:  10.3886/ICPSR05404 (accessed February 8, 2011).},
}

% 
% New Style
%
@data{duflopande2006-new,
	author = {Esther Duflo and Rohini Pande}, 
	year = 2006, 
	title = {Dams, Poverty, Public Goods and Malaria Incidence in India},
	institution = {Murray Research Archive},
	type = {[Distributor]},
	number = { UNF:5:obNHHq1gtV400a4T+Xrp9g== V2 [Version]},
	url = {http://hdl.handle.net/1902.1/IOJHHXOOLZ}
}

@techreport{leiss1999-new,
	author = {Leiss, Amelia},
	year = {1999},
	title = {Arms Transfers to Developing Countries, 1945--1968},
	institution = {Inter-University Consortium for Political and Social Research}, 
	type = {[distributor]},
	urldate = {February 8, 2011},
	number = {ICPSR05404-v1},
	address = {Ann Arbor, MI},
	doi = {10.3886/ICPSR05404},
}


%
% OTHER
% 

@online{dataone-cite,
author = {DataONE},
howpublished = {\url{https://www.dataone.org/citing-dataone}},
note = {(accessed on 2018-08-10)},
year = {2011},
title = {Data Citation and Attribution}
}

@online{dataone-l09,
author = {DataONE},
title = {DataONE Tutorial on Data Citation},
howpublished = {\url{http://www.dataone.org/sites/all/documents/L09\_DataCitation.pptx}},
institution = {DataONE},
note = {(accessed on 2018-08-10)},
year = {2011},
  urldate = {2018-05-22},
  url = {http://www.dataone.org/sites/all/documents/L09_DataCitation.pptx},

}

@online{icpsr-data-cite,
author = {ICPSR},
howpublished = {\url{https://www.icpsr.umich.edu/icpsrweb/ICPSR/curation/citations.jsp}},
institution = {ICPSR},
note = {accessed on 2018-08-10},
year = {2018},
title = {Data Citations},
}


@online{aeadatarefs,
author = {{American Economic Association}},
title = {Sample References},
howpublished = {\url{https://www.aeaweb.org/journals/policies/sample-references}},
year = {2018},
note = {(accessed on 2018-08-10)},
}